%% This BibTeX bibliography file was created using BibDesk.
%% http://bibdesk.sourceforge.net/

%% Created for 曹安洁 at 2023-04-21 13:25:00 -0700 


%% Saved with string encoding Unicode (UTF-8) 



@article{gasparini2021quantifying,
	Annote = {meta},
	Author = {Gasparini, Loretta and Langus, Alan and Tsuji, Sho and Boll-Avetisyan, Natalie},
	Date-Added = {2023-04-21 13:24:53 -0700},
	Date-Modified = {2023-04-21 13:24:59 -0700},
	Journal = {Cognition},
	Pages = {104757},
	Publisher = {Elsevier},
	Title = {Quantifying the role of rhythm in infants' language discrimination abilities: A meta-analysis},
	Volume = {213},
	Year = {2021}}

@article{rabagliati2019profile,
	Annote = {meta},
	Author = {Rabagliati, Hugh and Ferguson, Brock and Lew-Williams, Casey},
	Date-Added = {2023-04-21 13:23:31 -0700},
	Date-Modified = {2023-04-21 13:23:36 -0700},
	Journal = {Developmental Science},
	Number = {1},
	Pages = {e12704},
	Publisher = {Wiley Online Library},
	Title = {The profile of abstract rule learning in infancy: Meta-analytic and experimental evidence},
	Volume = {22},
	Year = {2019}}

@article{carbajal2021meta,
	Annote = {meta},
	Author = {Carbajal, Maria Julia and Peperkamp, Sharon and Tsuji, Sho},
	Date-Added = {2023-04-21 13:22:35 -0700},
	Date-Modified = {2023-04-21 13:22:40 -0700},
	Journal = {Infancy},
	Number = {3},
	Pages = {369--387},
	Publisher = {Wiley Online Library},
	Title = {A meta-analysis of infants' word-form recognition},
	Volume = {26},
	Year = {2021}}

@article{dal2019cross,
	Annote = {meta},
	Author = {Dal Ben, R and Souza, D de H and Hay, JF},
	Date-Added = {2023-04-21 13:21:14 -0700},
	Date-Modified = {2023-04-21 13:21:20 -0700},
	Journal = {Manuscript in preparation. https://doi. org/10.17605/OSF. IO/GU9RB},
	Title = {Cross-situational word learning: Systematic review and meta-analysis},
	Year = {2019}}

@article{von2021development,
	Annote = {meta},
	Author = {Von Holzen, Katie and Bergmann, Christina},
	Date-Added = {2023-04-21 13:20:31 -0700},
	Date-Modified = {2023-04-21 13:20:37 -0700},
	Journal = {Developmental Psychology},
	Number = {1},
	Pages = {1},
	Publisher = {American Psychological Association},
	Title = {The development of infants' responses to mispronunciations: A meta-analysis.},
	Volume = {57},
	Year = {2021}}

@article{fort2018symbouki,
	Annote = {meta},
	Author = {Fort, Mathilde and Lammertink, Imme and Peperkamp, Sharon and Guevara-Rukoz, Adriana and Fikkert, Paula and Tsuji, Sho},
	Date-Added = {2023-04-21 13:19:28 -0700},
	Date-Modified = {2023-04-21 13:19:43 -0700},
	Journal = {Developmental science},
	Number = {5},
	Pages = {e12659},
	Publisher = {Wiley Online Library},
	Title = {Symbouki: a meta-analysis on the emergence of sound symbolism in early language acquisition},
	Volume = {21},
	Year = {2018}}

@article{lewis2020role,
	Annote = {meta},
	Author = {Lewis, Molly and Cristiano, Veronica and Lake, Brenden M and Kwan, Tammy and Frank, Michael C},
	Date-Added = {2023-04-21 13:17:49 -0700},
	Date-Modified = {2023-04-21 13:17:54 -0700},
	Journal = {Cognition},
	Pages = {104191},
	Publisher = {Elsevier},
	Title = {The role of developmental change and linguistic experience in the mutual exclusivity effect},
	Volume = {198},
	Year = {2020}}

@inproceedings{frank2016performance,
	Annote = {meta},
	Author = {Frank, Michael C and Lewis, Molly and MacDonald, Kyle},
	Booktitle = {CogSci},
	Date-Added = {2023-04-21 13:17:05 -0700},
	Date-Modified = {2023-04-21 13:17:12 -0700},
	Title = {A performance model for early word learning.},
	Year = {2016}}

@article{dunst2012preference,
	Annote = {meta},
	Author = {Dunst, Carl and Gorman, Ellen and Hamby, Deborah},
	Date-Added = {2023-04-21 13:16:26 -0700},
	Date-Modified = {2023-04-21 13:16:30 -0700},
	Journal = {Center for Early Literacy Learning},
	Number = {1},
	Pages = {1--13},
	Title = {Preference for infant-directed speech in preverbal young children},
	Volume = {5},
	Year = {2012}}

@article{quinn2018relationship,
	Annote = {meta},
	Author = {Quinn, Sara and Donnelly, Seamus and Kidd, Evan},
	Date-Added = {2023-04-21 13:15:19 -0700},
	Date-Modified = {2023-04-21 13:15:24 -0700},
	Journal = {Developmental review},
	Pages = {121--135},
	Publisher = {Elsevier},
	Title = {The relationship between symbolic play and language acquisition: A meta-analytic review},
	Volume = {49},
	Year = {2018}}

@article{christodoulou2017babies,
	Annote = {meta},
	Author = {Christodoulou, Joan and Lac, Andrew and Moore, David S},
	Date-Added = {2023-04-21 13:14:07 -0700},
	Date-Modified = {2023-04-21 13:14:12 -0700},
	Journal = {Developmental psychology},
	Number = {8},
	Pages = {1405},
	Publisher = {American Psychological Association},
	Title = {Babies and math: A meta-analysis of infants' simple arithmetic competence.},
	Volume = {53},
	Year = {2017}}

@article{tsui2019associative,
	Annote = {meta},
	Author = {Tsui, Angeline Sin Mei and Byers-Heinlein, Krista and Fennell, Christopher T},
	Date-Added = {2023-04-21 13:12:49 -0700},
	Date-Modified = {2023-04-21 13:12:54 -0700},
	Journal = {Developmental Psychology},
	Number = {5},
	Pages = {934},
	Publisher = {American Psychological Association},
	Title = {Associative word learning in infancy: A meta-analysis of the switch task.},
	Volume = {55},
	Year = {2019}}

@article{tsuji2014perceptual,
	Annote = {meta},
	Author = {Tsuji, Sho and Cristia, Alejandrina},
	Date-Added = {2023-04-21 13:10:50 -0700},
	Date-Modified = {2023-04-21 13:11:00 -0700},
	Journal = {Developmental psychobiology},
	Number = {2},
	Pages = {179--191},
	Publisher = {Wiley Online Library},
	Title = {Perceptual attunement in vowels: A meta-analysis},
	Volume = {56},
	Year = {2014}}

@article{cristia2018can,
	Annote = {meta
},
	Author = {Cristia, Alejandrina},
	Date-Added = {2023-04-21 13:09:21 -0700},
	Date-Modified = {2023-04-21 13:09:27 -0700},
	Journal = {Cognition},
	Pages = {312--327},
	Publisher = {Elsevier},
	Title = {Can infants learn phonology in the lab? A meta-analytic answer},
	Volume = {170},
	Year = {2018}}

@article{kuhl2004early,
	Author = {Kuhl, Patricia K},
	Date-Added = {2023-02-01 15:03:20 -0800},
	Date-Modified = {2023-04-21 13:08:32 -0700},
	Journal = {Nature reviews neuroscience},
	Number = {11},
	Pages = {831--843},
	Publisher = {Nature Publishing Group UK London},
	Title = {Early language acquisition: Cracking the speech code},
	Volume = {5},
	Year = {2004}}

@inproceedings{black2017quantifying,
	Annote = {meta},
	Author = {Black, Alexis and Bergmann, Christina},
	Booktitle = {39th Annual Meeting of the Cognitive Science Society},
	Date-Added = {2023-01-25 15:03:42 -0800},
	Date-Modified = {2023-04-21 13:12:13 -0700},
	Organization = {Cognitive Science Society},
	Pages = {124--129},
	Title = {Quantifying infants' statistical word segmentation: A meta-analysis},
	Year = {2017}}

@article{higgins2002quantifying,
	Author = {Higgins, Julian PT and Thompson, Simon G},
	Date-Added = {2023-01-22 10:41:10 -0800},
	Date-Modified = {2023-01-22 10:41:10 -0800},
	Journal = {Statistics in medicine},
	Number = {11},
	Pages = {1539--1558},
	Publisher = {Wiley Online Library},
	Title = {Quantifying heterogeneity in a meta-analysis},
	Volume = {21},
	Year = {2002}}

@article{burnham2004multimodel,
	Author = {Burnham, Kenneth P and Anderson, David R},
	Date-Added = {2023-01-21 15:23:03 -0800},
	Date-Modified = {2023-01-21 15:23:03 -0800},
	Journal = {Sociological methods \& research},
	Number = {2},
	Pages = {261--304},
	Publisher = {Sage Publications Sage CA: Thousand Oaks, CA},
	Title = {Multimodel inference: understanding AIC and BIC in model selection},
	Volume = {33},
	Year = {2004}}

@article{stahl2022great,
	Author = {Stahl, Aimee E and Kibbe, Melissa M},
	Date-Added = {2023-01-20 10:22:06 -0800},
	Date-Modified = {2023-01-20 10:22:06 -0800},
	Journal = {Infant and Child Development},
	Number = {6},
	Pages = {e2359},
	Publisher = {Wiley Online Library},
	Title = {Great expectations: The construct validity of the violation-of-expectation method for studying infant cognition},
	Volume = {31},
	Year = {2022}}

@article{paulus2022should,
	Author = {Paulus, Markus},
	Date-Added = {2023-01-20 10:21:38 -0800},
	Date-Modified = {2023-01-20 10:21:38 -0800},
	Journal = {Infant and Child Development},
	Number = {1},
	Pages = {e2306},
	Publisher = {Wiley Online Library},
	Title = {Should infant psychology rely on the violation-of-expectation method? Not anymore},
	Volume = {31},
	Year = {2022}}

@article{kail1991developmental,
	Author = {Kail, Robert},
	Date-Added = {2023-01-20 10:21:02 -0800},
	Date-Modified = {2023-01-20 10:21:02 -0800},
	Journal = {Psychological bulletin},
	Number = {3},
	Pages = {490},
	Publisher = {American Psychological Association},
	Title = {Developmental change in speed of processing during childhood and adolescence.},
	Volume = {109},
	Year = {1991}}

@article{mcmurray2007defusing,
	Author = {McMurray, Bob},
	Date-Added = {2023-01-20 10:07:17 -0800},
	Date-Modified = {2023-01-20 10:07:17 -0800},
	Journal = {Science},
	Number = {5838},
	Pages = {631--631},
	Publisher = {American Association for the Advancement of Science},
	Title = {Defusing the childhood vocabulary explosion},
	Volume = {317},
	Year = {2007}}

@article{margoni2018infants,
	Annote = {meta},
	Author = {Margoni, Francesco and Surian, Luca},
	Date-Added = {2023-01-17 13:04:06 -0800},
	Date-Modified = {2023-04-21 13:13:36 -0700},
	Journal = {Developmental psychology},
	Number = {8},
	Pages = {1445},
	Publisher = {American Psychological Association},
	Title = {Infants' evaluation of prosocial and antisocial agents: A meta-analysis.},
	Volume = {54},
	Year = {2018}}

@article{frank2017collaborative,
	Author = {Frank, Michael C and Bergelson, Elika and Bergmann, Christina and Cristia, Alejandrina and Floccia, Caroline and Gervain, Judit and Hamlin, J Kiley and Hannon, Erin E and Kline, Melissa and Levelt, Claartje and others},
	Date-Added = {2023-01-17 12:31:08 -0800},
	Date-Modified = {2023-01-17 12:31:08 -0800},
	Journal = {Infancy},
	Number = {4},
	Pages = {421--435},
	Publisher = {Wiley Online Library},
	Title = {A collaborative approach to infant research: Promoting reproducibility, best practices, and theory-building},
	Volume = {22},
	Year = {2017}}

@article{lewis2020puzzling,
	Author = {Lewis, Molly and Mathur, Maya and VanderWeele, Tyler and Frank, Michael C},
	Date-Added = {2023-01-17 12:26:56 -0800},
	Date-Modified = {2023-01-17 12:26:56 -0800},
	Publisher = {PsyArXiv},
	Title = {The puzzling relationship between multi-lab replications and meta-analyses of the rest of the literature},
	Year = {2020}}

@article{kvarven2020comparing,
	Author = {Kvarven, Amanda and Str{\o}mland, Eirik and Johannesson, Magnus},
	Date-Added = {2023-01-17 12:26:20 -0800},
	Date-Modified = {2023-01-17 12:26:20 -0800},
	Journal = {Nature Human Behaviour},
	Number = {4},
	Pages = {423--434},
	Publisher = {Nature Publishing Group},
	Title = {Comparing meta-analyses and preregistered multiple-laboratory replication projects},
	Volume = {4},
	Year = {2020}}

@article{wilks2010developmental,
	Author = {Wilks, Timothy and Gerber, R Jason and Erdie-Lalena, Christine},
	Date-Added = {2023-01-17 12:25:43 -0800},
	Date-Modified = {2023-01-17 12:25:43 -0800},
	Journal = {Pediatrics in review},
	Number = {9},
	Pages = {364--367},
	Publisher = {American Academy of Pediatrics},
	Title = {Developmental milestones: cognitive development},
	Volume = {31},
	Year = {2010}}

@article{meylan2022learning,
	Author = {Meylan, Stephan C and Bergelson, Elika},
	Date-Added = {2023-01-17 12:25:15 -0800},
	Date-Modified = {2023-01-17 12:25:15 -0800},
	Journal = {Annual review of linguistics},
	Pages = {77--99},
	Publisher = {Annual Reviews},
	Title = {Learning through processing: Toward an integrated approach to early word learning},
	Volume = {8},
	Year = {2022}}

@article{viechtbauer2010conducting,
	Author = {Viechtbauer, Wolfgang},
	Date-Added = {2023-01-17 12:24:38 -0800},
	Date-Modified = {2023-01-17 12:24:38 -0800},
	Journal = {Journal of statistical software},
	Number = {3},
	Pages = {1--48},
	Publisher = {UCLA Statistics},
	Title = {Conducting meta-analyses in R with the metafor package},
	Volume = {36},
	Year = {2010}}

@article{bergmann2018promoting,
	Author = {Bergmann, Christina and Tsuji, Sho and Piccinini, Page E and Lewis, Molly L and Braginsky, Mika and Frank, Michael C and Cristia, Alejandrina},
	Date-Added = {2023-01-17 11:14:03 -0800},
	Date-Modified = {2023-01-17 11:14:03 -0800},
	Journal = {Child development},
	Number = {6},
	Pages = {1996--2009},
	Publisher = {Wiley Online Library},
	Title = {Promoting replicability in developmental research through meta-analyses: Insights from language acquisition research},
	Volume = {89},
	Year = {2018}}

@article{lewis2016quantitative,
	Author = {Lewis, Molly and Braginsky, Mika and Tsuji, Sho and Bergmann, Christina and Piccinini, Page E and Cristia, Alejandrina and others},
	Date-Added = {2023-01-17 11:12:59 -0800},
	Date-Modified = {2023-01-17 11:12:59 -0800},
	Title = {A quantitative synthesis of early language acquisition using meta-analysis},
	Year = {2016}}

@article{cao2022quantifying,
	Annote = {meta},
	Author = {Cao, Anjie and Lewis, Molly},
	Date-Added = {2023-01-17 11:12:13 -0800},
	Date-Modified = {2023-04-21 13:20:10 -0700},
	Journal = {Developmental Science},
	Number = {2},
	Pages = {e13176},
	Publisher = {Wiley Online Library},
	Title = {Quantifying the syntactic bootstrapping effect in verb learning: A meta-analytic synthesis},
	Volume = {25},
	Year = {2022}}

@article{salvadori2015probing,
	Author = {Salvadori, Eliala and Blazsekova, Tatiana and Volein, Agnes and Karap, Zsuzsanna and Tatone, Denis and Mascaro, Olivier and Csibra, Gergely},
	Date-Added = {2023-01-17 11:11:22 -0800},
	Date-Modified = {2023-01-17 11:11:22 -0800},
	Journal = {PloS one},
	Number = {11},
	Pages = {e0140570},
	Publisher = {Public Library of Science San Francisco, CA USA},
	Title = {Probing the strength of infants' preference for helpers over hinderers: Two replication attempts of Hamlin and Wynn (2011)},
	Volume = {10},
	Year = {2015}}

@article{hamlin2007social,
	Author = {Hamlin, J Kiley and Wynn, Karen and Bloom, Paul},
	Date-Added = {2023-01-17 11:10:59 -0800},
	Date-Modified = {2023-01-17 11:10:59 -0800},
	Journal = {Nature},
	Number = {7169},
	Pages = {557--559},
	Publisher = {Nature Publishing Group},
	Title = {Social evaluation by preverbal infants},
	Volume = {450},
	Year = {2007}}

@article{wynn1993erratum,
	Author = {Wynn, Karen},
	Date-Added = {2023-01-17 11:10:33 -0800},
	Date-Modified = {2023-01-17 11:10:33 -0800},
	Journal = {Nature},
	Number = {6410},
	Pages = {374--374},
	Publisher = {Springer},
	Title = {Erratum: Addition and subtraction by human infants},
	Volume = {361},
	Year = {1993}}

@article{wakeley2000can,
	Author = {Wakeley, Ann and Rivera, Susan and Langer, Jonas},
	Date-Added = {2023-01-17 11:10:10 -0800},
	Date-Modified = {2023-01-17 11:10:10 -0800},
	Journal = {Child development},
	Number = {6},
	Pages = {1525--1534},
	Publisher = {Wiley Online Library},
	Title = {Can young infants add and subtract?},
	Volume = {71},
	Year = {2000}}

@article{clearfield2006familiarization,
	Author = {Clearfield, Melissa W and Westfahl, Shannon May-Comyns},
	Date-Added = {2023-01-17 11:09:49 -0800},
	Date-Modified = {2023-01-17 11:09:49 -0800},
	Journal = {Journal of Cognition and Development},
	Number = {1},
	Pages = {27--43},
	Publisher = {Taylor \& Francis},
	Title = {Familiarization in infants' perception of addition problems},
	Volume = {7},
	Year = {2006}}

@article{bergmann2016development,
	Annote = {meta},
	Author = {Bergmann, Christina and Cristia, Alejandrina},
	Date-Added = {2023-01-17 11:08:15 -0800},
	Date-Modified = {2023-04-21 13:15:59 -0700},
	Journal = {Developmental science},
	Number = {6},
	Pages = {901--917},
	Publisher = {Wiley Online Library},
	Title = {Development of infants' segmentation of words from native speech: A meta-analytic approach},
	Volume = {19},
	Year = {2016}}

@article{hunter1988multifactor,
	Author = {Hunter, Michael A and Ames, Elinor W},
	Date-Added = {2023-01-17 11:07:52 -0800},
	Date-Modified = {2023-01-17 11:07:52 -0800},
	Journal = {Advances in infancy research},
	Publisher = {Elsevier/JAI Press Inc},
	Title = {A multifactor model of infant preferences for novel and familiar stimuli.},
	Year = {1988}}

@article{dale2022fundamental,
	Author = {Dale, Rick and Warlaumont, Anne S and Johnson, Kerri L},
	Date-Added = {2023-01-17 11:07:27 -0800},
	Date-Modified = {2023-01-17 11:07:27 -0800},
	Journal = {Nature Reviews Psychology},
	Pages = {1--12},
	Publisher = {Nature Publishing Group},
	Title = {The fundamental importance of method to theory},
	Year = {2022}}

@book{frank2021variability,
	Author = {Frank, Michael C and Braginsky, Mika and Yurovsky, Daniel and Marchman, Virginia A},
	Date-Added = {2023-01-17 11:06:34 -0800},
	Date-Modified = {2023-01-17 11:06:34 -0800},
	Publisher = {MIT Press},
	Title = {Variability and consistency in early language learning: The Wordbank project},
	Year = {2021}}

@article{walker2016early,
	Author = {Walker, Caren M and Bridgers, Sophie and Gopnik, Alison},
	Date-Added = {2023-01-17 11:06:07 -0800},
	Date-Modified = {2023-01-17 11:06:07 -0800},
	Journal = {Cognition},
	Pages = {30--40},
	Publisher = {Elsevier},
	Title = {The early emergence and puzzling decline of relational reasoning: Effects of knowledge and search on inferring abstract concepts},
	Volume = {156},
	Year = {2016}}

@article{carstensen2019context,
	Author = {Carstensen, Alexandra and Zhang, Jing and Heyman, Gail D and Fu, Genyue and Lee, Kang and Walker, Caren M},
	Date-Added = {2023-01-17 11:05:29 -0800},
	Date-Modified = {2023-01-17 11:05:29 -0800},
	Journal = {Proceedings of the National Academy of Sciences},
	Number = {28},
	Pages = {13891--13896},
	Publisher = {National Acad Sciences},
	Title = {Context shapes early diversity in abstract thought},
	Volume = {116},
	Year = {2019}}

@article{bayley2006bayley,
	Author = {Bayley, Nancy},
	Date-Added = {2023-01-17 11:04:08 -0800},
	Date-Modified = {2023-01-17 11:04:08 -0800},
	Title = {Bayley scales of infant and toddler development},
	Year = {2006}}
