%% This BibTeX bibliography file was created using BibDesk.
%% http://bibdesk.sourceforge.net/

%% Created for 曹安洁 at 2023-01-17 13:04:08 -0800 


%% Saved with string encoding Unicode (UTF-8) 



@article{margoni2018infants,
	Author = {Margoni, Francesco and Surian, Luca},
	Date-Added = {2023-01-17 13:04:06 -0800},
	Date-Modified = {2023-01-17 13:04:06 -0800},
	Journal = {Developmental psychology},
	Number = {8},
	Pages = {1445},
	Publisher = {American Psychological Association},
	Title = {Infants' evaluation of prosocial and antisocial agents: A meta-analysis.},
	Volume = {54},
	Year = {2018}}

@article{frank2017collaborative,
	Author = {Frank, Michael C and Bergelson, Elika and Bergmann, Christina and Cristia, Alejandrina and Floccia, Caroline and Gervain, Judit and Hamlin, J Kiley and Hannon, Erin E and Kline, Melissa and Levelt, Claartje and others},
	Date-Added = {2023-01-17 12:31:08 -0800},
	Date-Modified = {2023-01-17 12:31:08 -0800},
	Journal = {Infancy},
	Number = {4},
	Pages = {421--435},
	Publisher = {Wiley Online Library},
	Title = {A collaborative approach to infant research: Promoting reproducibility, best practices, and theory-building},
	Volume = {22},
	Year = {2017}}

@article{lewis2020puzzling,
	Author = {Lewis, Molly and Mathur, Maya and VanderWeele, Tyler and Frank, Michael C},
	Date-Added = {2023-01-17 12:26:56 -0800},
	Date-Modified = {2023-01-17 12:26:56 -0800},
	Publisher = {PsyArXiv},
	Title = {The puzzling relationship between multi-lab replications and meta-analyses of the rest of the literature},
	Year = {2020}}

@article{kvarven2020comparing,
	Author = {Kvarven, Amanda and Str{\o}mland, Eirik and Johannesson, Magnus},
	Date-Added = {2023-01-17 12:26:20 -0800},
	Date-Modified = {2023-01-17 12:26:20 -0800},
	Journal = {Nature Human Behaviour},
	Number = {4},
	Pages = {423--434},
	Publisher = {Nature Publishing Group},
	Title = {Comparing meta-analyses and preregistered multiple-laboratory replication projects},
	Volume = {4},
	Year = {2020}}

@article{wilks2010developmental,
	Author = {Wilks, Timothy and Gerber, R Jason and Erdie-Lalena, Christine},
	Date-Added = {2023-01-17 12:25:43 -0800},
	Date-Modified = {2023-01-17 12:25:43 -0800},
	Journal = {Pediatrics in review},
	Number = {9},
	Pages = {364--367},
	Publisher = {American Academy of Pediatrics},
	Title = {Developmental milestones: cognitive development},
	Volume = {31},
	Year = {2010}}

@article{meylan2022learning,
	Author = {Meylan, Stephan C and Bergelson, Elika},
	Date-Added = {2023-01-17 12:25:15 -0800},
	Date-Modified = {2023-01-17 12:25:15 -0800},
	Journal = {Annual review of linguistics},
	Pages = {77--99},
	Publisher = {Annual Reviews},
	Title = {Learning through processing: Toward an integrated approach to early word learning},
	Volume = {8},
	Year = {2022}}

@article{viechtbauer2010conducting,
	Author = {Viechtbauer, Wolfgang},
	Date-Added = {2023-01-17 12:24:38 -0800},
	Date-Modified = {2023-01-17 12:24:38 -0800},
	Journal = {Journal of statistical software},
	Number = {3},
	Pages = {1--48},
	Publisher = {UCLA Statistics},
	Title = {Conducting meta-analyses in R with the metafor package},
	Volume = {36},
	Year = {2010}}

@article{bergmann2018promoting,
	Author = {Bergmann, Christina and Tsuji, Sho and Piccinini, Page E and Lewis, Molly L and Braginsky, Mika and Frank, Michael C and Cristia, Alejandrina},
	Date-Added = {2023-01-17 11:14:03 -0800},
	Date-Modified = {2023-01-17 11:14:03 -0800},
	Journal = {Child development},
	Number = {6},
	Pages = {1996--2009},
	Publisher = {Wiley Online Library},
	Title = {Promoting replicability in developmental research through meta-analyses: Insights from language acquisition research},
	Volume = {89},
	Year = {2018}}

@article{lewis2016quantitative,
	Author = {Lewis, Molly and Braginsky, Mika and Tsuji, Sho and Bergmann, Christina and Piccinini, Page E and Cristia, Alejandrina and others},
	Date-Added = {2023-01-17 11:12:59 -0800},
	Date-Modified = {2023-01-17 11:12:59 -0800},
	Title = {A quantitative synthesis of early language acquisition using meta-analysis},
	Year = {2016}}

@article{cao2022quantifying,
	Author = {Cao, Anjie and Lewis, Molly},
	Date-Added = {2023-01-17 11:12:13 -0800},
	Date-Modified = {2023-01-17 11:12:13 -0800},
	Journal = {Developmental Science},
	Number = {2},
	Pages = {e13176},
	Publisher = {Wiley Online Library},
	Title = {Quantifying the syntactic bootstrapping effect in verb learning: A meta-analytic synthesis},
	Volume = {25},
	Year = {2022}}

@article{salvadori2015probing,
	Author = {Salvadori, Eliala and Blazsekova, Tatiana and Volein, Agnes and Karap, Zsuzsanna and Tatone, Denis and Mascaro, Olivier and Csibra, Gergely},
	Date-Added = {2023-01-17 11:11:22 -0800},
	Date-Modified = {2023-01-17 11:11:22 -0800},
	Journal = {PloS one},
	Number = {11},
	Pages = {e0140570},
	Publisher = {Public Library of Science San Francisco, CA USA},
	Title = {Probing the strength of infants' preference for helpers over hinderers: Two replication attempts of Hamlin and Wynn (2011)},
	Volume = {10},
	Year = {2015}}

@article{hamlin2007social,
	Author = {Hamlin, J Kiley and Wynn, Karen and Bloom, Paul},
	Date-Added = {2023-01-17 11:10:59 -0800},
	Date-Modified = {2023-01-17 11:10:59 -0800},
	Journal = {Nature},
	Number = {7169},
	Pages = {557--559},
	Publisher = {Nature Publishing Group},
	Title = {Social evaluation by preverbal infants},
	Volume = {450},
	Year = {2007}}

@article{wynn1993erratum,
	Author = {Wynn, Karen},
	Date-Added = {2023-01-17 11:10:33 -0800},
	Date-Modified = {2023-01-17 11:10:33 -0800},
	Journal = {Nature},
	Number = {6410},
	Pages = {374--374},
	Publisher = {Springer},
	Title = {Erratum: Addition and subtraction by human infants},
	Volume = {361},
	Year = {1993}}

@article{wakeley2000can,
	Author = {Wakeley, Ann and Rivera, Susan and Langer, Jonas},
	Date-Added = {2023-01-17 11:10:10 -0800},
	Date-Modified = {2023-01-17 11:10:10 -0800},
	Journal = {Child development},
	Number = {6},
	Pages = {1525--1534},
	Publisher = {Wiley Online Library},
	Title = {Can young infants add and subtract?},
	Volume = {71},
	Year = {2000}}

@article{clearfield2006familiarization,
	Author = {Clearfield, Melissa W and Westfahl, Shannon May-Comyns},
	Date-Added = {2023-01-17 11:09:49 -0800},
	Date-Modified = {2023-01-17 11:09:49 -0800},
	Journal = {Journal of Cognition and Development},
	Number = {1},
	Pages = {27--43},
	Publisher = {Taylor \& Francis},
	Title = {Familiarization in infants' perception of addition problems},
	Volume = {7},
	Year = {2006}}

@article{bergmann2016development,
	Author = {Bergmann, Christina and Cristia, Alejandrina},
	Date-Added = {2023-01-17 11:08:15 -0800},
	Date-Modified = {2023-01-17 11:08:15 -0800},
	Journal = {Developmental science},
	Number = {6},
	Pages = {901--917},
	Publisher = {Wiley Online Library},
	Title = {Development of infants' segmentation of words from native speech: A meta-analytic approach},
	Volume = {19},
	Year = {2016}}

@article{hunter1988multifactor,
	Author = {Hunter, Michael A and Ames, Elinor W},
	Date-Added = {2023-01-17 11:07:52 -0800},
	Date-Modified = {2023-01-17 11:07:52 -0800},
	Journal = {Advances in infancy research},
	Publisher = {Elsevier/JAI Press Inc},
	Title = {A multifactor model of infant preferences for novel and familiar stimuli.},
	Year = {1988}}

@article{dale2022fundamental,
	Author = {Dale, Rick and Warlaumont, Anne S and Johnson, Kerri L},
	Date-Added = {2023-01-17 11:07:27 -0800},
	Date-Modified = {2023-01-17 11:07:27 -0800},
	Journal = {Nature Reviews Psychology},
	Pages = {1--12},
	Publisher = {Nature Publishing Group},
	Title = {The fundamental importance of method to theory},
	Year = {2022}}

@book{frank2021variability,
	Author = {Frank, Michael C and Braginsky, Mika and Yurovsky, Daniel and Marchman, Virginia A},
	Date-Added = {2023-01-17 11:06:34 -0800},
	Date-Modified = {2023-01-17 11:06:34 -0800},
	Publisher = {MIT Press},
	Title = {Variability and consistency in early language learning: The Wordbank project},
	Year = {2021}}

@article{walker2016early,
	Author = {Walker, Caren M and Bridgers, Sophie and Gopnik, Alison},
	Date-Added = {2023-01-17 11:06:07 -0800},
	Date-Modified = {2023-01-17 11:06:07 -0800},
	Journal = {Cognition},
	Pages = {30--40},
	Publisher = {Elsevier},
	Title = {The early emergence and puzzling decline of relational reasoning: Effects of knowledge and search on inferring abstract concepts},
	Volume = {156},
	Year = {2016}}

@article{carstensen2019context,
	Author = {Carstensen, Alexandra and Zhang, Jing and Heyman, Gail D and Fu, Genyue and Lee, Kang and Walker, Caren M},
	Date-Added = {2023-01-17 11:05:29 -0800},
	Date-Modified = {2023-01-17 11:05:29 -0800},
	Journal = {Proceedings of the National Academy of Sciences},
	Number = {28},
	Pages = {13891--13896},
	Publisher = {National Acad Sciences},
	Title = {Context shapes early diversity in abstract thought},
	Volume = {116},
	Year = {2019}}

@article{bayley2006bayley,
	Author = {Bayley, Nancy},
	Date-Added = {2023-01-17 11:04:08 -0800},
	Date-Modified = {2023-01-17 11:04:08 -0800},
	Title = {Bayley scales of infant and toddler development},
	Year = {2006}}
